@article{yu2005leverage,
  title={On leverage in a stochastic volatility model},
  author={Yu, Jun},
  journal={Journal of Econometrics},
  volume={127},
  number={2},
  pages={165--178},
  year={2005},
  publisher={Elsevier}
}

@article{hull1987pricing,
  title={The pricing of options on assets with stochastic volatilities},
  author={Hull, John and White, Alan},
  journal={The journal of finance},
  volume={42},
  number={2},
  pages={281--300},
  year={1987},
  publisher={Wiley Online Library}
}


@article{rodriguez2012,
  title={Stochastic volatility models including open, close, high and low prices},
  author={Horst, Enrique Ter and Rodriguez, Abel and Gzyl, Henryk and Molina, German},
  journal={Quantitative Finance},
  volume={12},
  number={2},
  pages={199--212},
  year={2012},
  publisher={Taylor \& Francis}
}

@article{abramov2007estimation,
  title={Estimation and prediction of a non-constant volatility},
  author={Abramov, Vyacheslav M and Klebaner, Fima C},
  journal={Asia-Pacific Financial Markets},
  volume={14},
  number={1-2},
  pages={1--23},
  year={2007},
  publisher={Springer}
}

@book{hull1999options,
  title={Options, futures, and other derivatives},
  author={Hull, John C},
  year={1999},
  publisher={Pearson Education India}
}

@article{engle1982,
  title={Autoregressive conditional heteroscedasticity with estimates of the variance of United Kingdom inflation},
  author={Engle, Robert F},
  journal={Econometrica: Journal of the Econometric Society},
  pages={987--1007},
  year={1982},
  publisher={JSTOR}
}

@article{todorov2011econometric,
  title={Econometric analysis of jump-driven stochastic volatility models},
  author={Todorov, Viktor},
  journal={Journal of Econometrics},
  volume={160},
  number={1},
  pages={12--21},
  year={2011},
  publisher={Elsevier}
}

@article{bollerslev1986,
  title={Generalized autoregressive conditional heteroskedasticity},
  author={Bollerslev, Tim},
  journal={Journal of econometrics},
  volume={31},
  number={3},
  pages={307--327},
  year={1986},
  publisher={Elsevier}
}

@book{shephard2005selected-readings,
  title={Stochastic Volatility: Selected Readings},
  author={Shephard, Neil},
  year={2005},
  publisher={Oxford University Press, UK}
}


@article{engle1998autoregressive,
  title={Autoregressive conditional duration: a new model for irregularly spaced transaction data},
  author={Engle, Robert F and Russell, Jeffrey R},
  journal={Econometrica},
  pages={1127--1162},
  year={1998},
  publisher={JSTOR}
}

@article{russell1998,
  title={Econometric analysis of discrete-valued irregularly-spaced financial transactions data using a new autoregressive conditional multinomial model},
  author={Russell, Jeffrey and Engle, Robert F},
  year={1998}
}

@article{rydberg2003tradebytrade,
  title={Dynamics of trade-by-trade price movements: decomposition and models},
  author={Rydberg, Tina Hviid and Shephard, Neil},
  journal={Journal of Financial Econometrics},
  volume={1},
  number={1},
  pages={2--25},
  year={2003},
  publisher={Oxford Univ Press}
}

@article{hansen2005comparison,
  title={A forecast comparison of volatility models: does anything beat a GARCH (1, 1)?},
  author={Hansen, Peter R and Lunde, Asger},
  journal={Journal of applied econometrics},
  volume={20},
  number={7},
  pages={873--889},
  year={2005},
  publisher={Wiley Online Library}
}

@article{harvey2002long,
  title={Long memory in stochastic volatility},
  author={Harvey, Andrew C},
  journal={Forecasting volatility in the financial markets},
  pages={307},
  year={2002}
}

@article{nelson1990arch-approximations,
  title={ARCH models as diffusion approximations},
  author={Nelson, Daniel B},
  journal={Journal of econometrics},
  volume={45},
  number={1},
  pages={7--38},
  year={1990},
  publisher={Elsevier}
}

@article{alizadeh2002range,
  title={Range-based estimation of stochastic volatility models},
  author={Alizadeh, Sassan and Brandt, Michael W and Diebold, Francis X},
  journal={The Journal of Finance},
  volume={57},
  number={3},
  pages={1047--1091},
  year={2002},
  publisher={Wiley Online Library}
}

@article{andersen1997heterogeneous,
  title={Heterogeneous Information Arrivals and Return Volatility Dynamics: Uncovering the Long-Run in High Frequency Returns},
  author={Andersen, Torben G and Bollerslev, Tim},
  journal={The journal of Finance},
  volume={52},
  number={3},
  pages={975--1005},
  year={1997},
  publisher={Wiley Online Library}
}

@article{andersen1997intraday,
  title={Intraday periodicity and volatility persistence in financial markets},
  author={Andersen, Torben G and Bollerslev, Tim},
  journal={Journal of empirical finance},
  volume={4},
  number={2},
  pages={115--158},
  year={1997},
  publisher={Elsevier}
}

@article{andersen1998answering,
  title={Answering the skeptics: Yes, standard volatility models do provide accurate forecasts},
  author={Andersen, Torben G and Bollerslev, Tim},
  journal={International economic review},
  pages={885--905},
  year={1998},
  publisher={JSTOR}
}

@article{barndorff2002quadratic-variation,
  title={Estimating quadratic variation using realized variance},
  author={Barndorff-Nielsen, Ole E and Shephard, Neil},
  journal={Journal of Applied Econometrics},
  volume={17},
  number={5},
  pages={457--477},
  year={2002},
  publisher={Wiley Online Library}
}

@article{barndorff2002econometric,
  title={Econometric analysis of realized volatility and its use in estimating stochastic volatility models},
  author={Barndorff-Nielsen, Ole E},
  journal={Journal of the Royal Statistical Society: Series B (Statistical Methodology)},
  volume={64},
  number={2},
  pages={253--280},
  year={2002},
  publisher={Wiley Online Library}
}

@article{bollerslev2002estimating,
  title={Estimating stochastic volatility diffusion using conditional moments of integrated volatility},
  author={Bollerslev, Tim and Zhou, Hao},
  journal={Journal of Econometrics},
  volume={109},
  number={1},
  pages={33--65},
  year={2002},
  publisher={Elsevier}
}

@article{breidt1998detection-estimation,
  title={The detection and estimation of long memory in stochastic volatility},
  author={Breidt, F Jay and Crato, Nuno and De Lima, Pedro},
  journal={Journal of econometrics},
  volume={83},
  number={1},
  pages={325--348},
  year={1998},
  publisher={Elsevier}
}

@article{clark1973subordinated,
  title={A subordinated stochastic process model with finite variance for speculative prices},
  author={Clark, Peter K},
  journal={Econometrica: journal of the Econometric Society},
  pages={135--155},
  year={1973},
  publisher={JSTOR}
}

@article{hull1987pricing,
  title={The pricing of options on assets with stochastic volatilities},
  author={Hull, John and White, Alan},
  journal={The journal of finance},
  volume={42},
  number={2},
  pages={281--300},
  year={1987},
  publisher={Wiley Online Library}
}

@article{andersen2001distribution,
  title={The distribution of realized exchange rate volatility},
  author={Andersen, Torben G and Bollerslev, Tim and Diebold, Francis X and Labys, Paul},
  journal={Journal of the American statistical association},
  volume={96},
  number={453},
  pages={42--55},
  year={2001},
  publisher={Taylor \& Francis}
}

@article{andersen2001stock-distribution,
  title={The distribution of realized stock return volatility},
  author={Andersen, Torben G and Bollerslev, Tim and Diebold, Francis X and Ebens, Heiko},
  journal={Journal of Financial Economics},
  volume={61},
  number={1},
  pages={43--76},
  year={2001},
  publisher={Elsevier}
}

@phdthesis{bai2000beyond,
  title={Beyond Merton's utopia: effects of non-normality and dependence on the precision of variance estimaters using high-frequency financial data},
  author={Bai, Xuezheng},
  year={2000},
  school={University of Chicago, Graduate School of Business.}
}

@misc{nelson1994asymptotic,
  title={Asymptotic filtering theory for multivariate ARCH models},
  author={Nelson, Daniel B},
  year={1994},
  publisher={National Bureau of Economic Research Cambridge, Mass., USA}
}

@article{barndorff2002estimating,
  title={Estimating quadratic variation using realized variance},
  author={Barndorff-Nielsen, Ole E and Shephard, Neil},
  journal={Journal of Applied Econometrics},
  volume={17},
  number={5},
  pages={457--477},
  year={2002},
  publisher={Wiley Online Library}
}

@article{barndorff2002econometric,
  title={Econometric analysis of realized volatility and its use in estimating stochastic volatility models},
  author={Barndorff-Nielsen, Ole E},
  journal={Journal of the Royal Statistical Society: Series B (Statistical Methodology)},
  volume={64},
  number={2},
  pages={253--280},
  year={2002},
  publisher={Wiley Online Library}
}

@article{barndorff2004power,
  title={Power and bipower variation with stochastic volatility and jumps},
  author={Barndorff-Nielsen, Ole E and Shephard, Neil},
  journal={Journal of financial econometrics},
  volume={2},
  number={1},
  pages={1--37},
  year={2004},
  publisher={Oxford Univ Press}
}

@article{comte1998long,
  title={Long memory in continuous-time stochastic volatility models},
  author={Comte, Fabienne and Renault, Eric},
  journal={Mathematical Finance},
  volume={8},
  number={4},
  pages={291--323},
  year={1998},
  publisher={Wiley Online Library}
}

@article{comte2012affine,
  title={Affine fractional stochastic volatility models},
  author={Comte, Fabienne and Coutin, Laure and Renault, {\'E}ric},
  journal={Annals of Finance},
  volume={8},
  number={2-3},
  pages={337--378},
  year={2012},
  publisher={Springer}
}

@article{corradi2006semi,
  title={Semi-parametric comparison of stochastic volatility models using realized measures},
  author={Corradi, Valentina and Distaso, Walter},
  journal={The Review of Economic Studies},
  volume={73},
  number={3},
  pages={635--667},
  year={2006},
  publisher={Oxford University Press}
}

@article{bollerslev2003measuring,
  title={Measuring and modeling systematic risk in factor pricing models using high-frequency data},
  author={Bollerslev, Tim and Zhang, Benjamin YB},
  journal={Journal of Empirical Finance},
  volume={10},
  number={5},
  pages={533--558},
  year={2003},
  publisher={Elsevier}
}

@article{geman2005measure,
  title={From measure changes to time changes in asset pricing},
  author={Geman, H{\'e}lyette},
  journal={Journal of Banking \& Finance},
  volume={29},
  number={11},
  pages={2701--2722},
  year={2005},
  publisher={Elsevier}
}

@article{carr2004time,
  title={Time-changed L{\'e}vy processes and option pricing},
  author={Carr, Peter and Wu, Liuren},
  journal={Journal of Financial Economics},
  volume={71},
  number={1},
  pages={113--141},
  year={2004},
  publisher={Elsevier}
}

@article{heston1993closed,
  title={A closed-form solution for options with stochastic volatility with applications to bond and currency options},
  author={Heston, Steven L},
  journal={Review of financial studies},
  volume={6},
  number={2},
  pages={327--343},
  year={1993},
  publisher={Soc Financial Studies}
}

@article{stoll2000presidential,
  title={Presidential address: friction},
  author={Stoll, Hans R},
  journal={The Journal of Finance},
  volume={55},
  number={4},
  pages={1479--1514},
  year={2000},
  publisher={Wiley Online Library}
}

@article{nelson1991conditional,
  title={Conditional heteroskedasticity in asset returns: A new approach},
  author={Nelson, Daniel B},
  journal={Econometrica: Journal of the Econometric Society},
  pages={347--370},
  year={1991},
  publisher={JSTOR}
}

@article{baillie1991bivariate,
  title={Bivariate GARCH estimation of the optimal commodity futures hedge},
  author={Baillie, Richard T and Myers, Robert J},
  journal={Journal of Applied Econometrics},
  volume={6},
  number={2},
  pages={109--124},
  year={1991},
  publisher={Wiley Online Library}
}

@article{bauwens1998bayesian,
  title={Bayesian inference on GARCH models using the Gibbs sampler},
  author={Bauwens, Luc and Lubrano, Michel},
  journal={The Econometrics Journal},
  volume={1},
  number={1},
  pages={23--46},
  year={1998},
  publisher={Wiley Online Library}
}

@article{nakatsuma2000bayesian,
  title={Bayesian analysis of ARMA--GARCH models: A Markov chain sampling approach},
  author={Nakatsuma, Teruo},
  journal={Journal of Econometrics},
  volume={95},
  number={1},
  pages={57--69},
  year={2000},
  publisher={Elsevier}
}

@article{vrontos2000full,
  title={Full Bayesian inference for GARCH and EGARCH models},
  author={Vrontos, Ioannis D and Dellaportas, Petros and Politis, Dimitris N},
  journal={Journal of Business \& Economic Statistics},
  volume={18},
  number={2},
  pages={187--198},
  year={2000},
  publisher={Taylor \& Francis Group}
}

@article{bates1996jumps,
  title={Jumps and stochastic volatility: Exchange rate processes implicit in Deutsche Mark options},
  author={Bates, David S},
  journal={Review of financial studies},
  volume={9},
  number={1},
  pages={69--107},
  year={1996},
  publisher={Soc Financial Studies}
}

@article{ruiz1994quasi,
  title={Quasi-maximum likelihood estimation of stochastic volatility models},
  author={Ruiz, Esther},
  journal={Journal of econometrics},
  volume={63},
  number={1},
  pages={289--306},
  year={1994},
  publisher={Elsevier}
}

@article{sandmann1998estimation,
  title={Estimation of stochastic volatility models via Monte Carlo maximum likelihood},
  author={Sandmann, Gleb and Koopman, Siem Jan},
  journal={Journal of Econometrics},
  volume={87},
  number={2},
  pages={271--301},
  year={1998},
  publisher={Elsevier}
}

@article{jacquier2002bayesian,
  title={Bayesian analysis of stochastic volatility models},
  author={Jacquier, Eric and Polson, Nicholas G and Rossi, Peter E},
  journal={Journal of Business \& Economic Statistics},
  volume={20},
  number={1},
  pages={69--87},
  year={2002},
  publisher={Taylor \& Francis}
}

@article{kim1998stochastic,
  title={Stochastic volatility: likelihood inference and comparison with ARCH models},
  author={Kim, Sangjoon and Shephard, Neil and Chib, Siddhartha},
  journal={The Review of Economic Studies},
  volume={65},
  number={3},
  pages={361--393},
  year={1998},
  publisher={Oxford University Press}
}

@article{melino1990pricing,
  title={Pricing foreign currency options with stochastic volatility},
  author={Melino, Angelo and Turnbull, Stuart M},
  journal={Journal of Econometrics},
  volume={45},
  number={1},
  pages={239--265},
  year={1990},
  publisher={Elsevier}
}

@article{brogaard2010high,
  title={High frequency trading and its impact on market quality},
  author={Brogaard, Jonathan},
  journal={Northwestern University Kellogg School of Management Working Paper},
  pages={66},
  year={2010}
}

@article{mandelbrot1967variation,
  title={The variation of some other speculative prices},
  author={Mandelbrot, Benoit},
  journal={Journal of Business},
  pages={393--413},
  year={1967},
  publisher={JSTOR}
}

@article{fama1965behavior,
  title={The behavior of stock-market prices},
  author={Fama, Eugene F},
  journal={Journal of business},
  pages={34--105},
  year={1965},
  publisher={JSTOR}
}

@article{wilcox1967exponential,
  title={Exponential operators and parameter differentiation in quantum physics},
  author={Wilcox, RM},
  journal={Journal of Mathematical Physics},
  volume={8},
  number={4},
  pages={962--982},
  year={1967},
  publisher={AIP Publishing}
}

@article{kim1998stochastic,
  title={Stochastic volatility: likelihood inference and comparison with ARCH models},
  author={Kim, Sangjoon and Shephard, Neil and Chib, Siddhartha},
  journal={The Review of Economic Studies},
  volume={65},
  number={3},
  pages={361--393},
  year={1998},
  publisher={Oxford University Press}
}

@article{quintana1987multivariate,
  title={An analysis of international exchange rates using multivariate DLM's},
  author={Quintana, Jos{\'e} M and West, Mike},
  journal={The Statistician},
  pages={275--281},
  year={1987},
  publisher={JSTOR}
}

@article{uhlig1997bayesian,
  title={Bayesian vector autoregressions with stochastic volatility},
  author={Uhlig, Harald},
  journal={Econometrica: Journal of the Econometric Society},
  pages={59--73},
  year={1997},
  publisher={JSTOR}
}

@article{bollerslev1990modelling,
  title={Modelling the coherence in short-run nominal exchange rates: a multivariate generalized ARCH model},
  author={Bollerslev, Tim},
  journal={The Review of Economics and Statistics},
  pages={498--505},
  year={1990},
  publisher={JSTOR}
}

@article{yu2006multivariate,
  title={Multivariate stochastic volatility models: Bayesian estimation and model comparison},
  author={Yu, Jun and Meyer, Renate},
  journal={Econometric Reviews},
  volume={25},
  number={2-3},
  pages={361--384},
  year={2006},
  publisher={Taylor \& Francis}
}

@article{omori2007stochastic,
  title={Stochastic volatility with leverage: Fast and efficient likelihood inference},
  author={Omori, Yasuhiro and Chib, Siddhartha and Shephard, Neil and Nakajima, Jouchi},
  journal={Journal of Econometrics},
  volume={140},
  number={2},
  pages={425--449},
  year={2007},
  publisher={Elsevier}
}

@book{freedman1971brownian,
  title={Brownian motion and diffusion},
  author={Freedman, David},
  year={1971},
  publisher={Springer}
}

@book{lildholdt2002estimation,
  title={Estimation of GARCH models based on open, close, high, and low prices},
  author={Lildholdt, Peter},
  year={2002},
  publisher={CAF, Centre for Analytical Finance}
}

@incollection{ishihara2010multivariate,
  title={Multivariate Stochastic Volatility Model with Cross Leverage},
  author={Ishihara, Tsunehiro and Omori, Yasuhiro},
  booktitle={Proceedings of COMPSTAT'2010},
  pages={315--323},
  year={2010},
  publisher={Springer}
}

@article{zhang2005tale,
  title={A tale of two time scales},
  author={Zhang, Lan and Mykland, Per A and A{\"\i}t-Sahalia, Yacine},
  journal={Journal of the American Statistical Association},
  volume={100},
  number={472},
  year={2005}
}

@article{venter2012extended,
  title={Extended stochastic volatility models incorporating realised measures},
  author={Venter, JH and de Jongh, PJ},
  journal={Computational Statistics \& Data Analysis},
  year={2012},
  publisher={Elsevier}
}

@article{shirota2014realized,
  title={Realized stochastic volatility with leverage and long memory},
  author={Shirota, Shinichiro and Hizu, Takayuki and Omori, Yasuhiro},
  journal={Computational Statistics \& Data Analysis},
  volume={76},
  pages={618--641},
  year={2014},
  publisher={Elsevier}
}

@article{hansen2006realized,
  title={Realized variance and market microstructure noise},
  author={Hansen, Peter R and Lunde, Asger},
  journal={Journal of Business \& Economic Statistics},
  volume={24},
  number={2},
  pages={127--161},
  year={2006},
  publisher={Taylor \& Francis}
}